%% This BibTeX bibliography file was created using BibDesk.
%% http://bibdesk.sourceforge.net/

%% Created for Davide Gerosa at 2017-05-02 10:39:20 -0700 


%% Saved with string encoding Unicode (UTF-8) 



@webpage{ADS,
	Date-Added = {2017-05-02 17:37:11 +0000},
	Date-Modified = {2017-05-02 17:37:11 +0000},
	Title = {SAO/NASA Astrophysics Data System},
	Url = {http://adsabs.harvard.edu},
	Bdsk-Url-1 = {http://adsabs.harvard.edu}}

@webpage{INSPIRE,
	Date-Added = {2017-05-02 17:37:10 +0000},
	Date-Modified = {2017-05-02 17:37:52 +0000},
	Title = {High-Energy Physics Literature Database},
	Url = {http://inspirehep.net},
	Bdsk-Url-1 = {http://adsabs.harvard.edu}}

@webpage{TexShop,
	Date-Added = {2017-05-02 17:36:30 +0000},
	Date-Modified = {2017-05-02 17:39:11 +0000},
	Title = {Cocoa TeX previewer for macOS},
	Url = {http://pages.uoregon.edu/koch/texshop}}
