%% This BibTeX bibliography file was created using BibDesk.
%% http://bibdesk.sourceforge.net/


%% Created for Nicola Vitacolonna at 2010-03-16 16:31:17 +0100 


%% Saved with string encoding Unicode (UTF-8) 



@misc{lilypond:2010,
	Date-Added = {2010-03-16 16:30:38 +0100},
	Date-Modified = {2010-03-16 16:30:56 +0100},
	Howpublished = {Online manual},
	Title = {{LilyPond} Documentation},
	Year = {2010}}
